<record xmlns="http://www.loc.gov/MARC21/slim" xmlns:xsi="http://www.w3.org/2001/XMLSchema-instance" xsi:schemaLocation="http://www.loc.gov/MARC21/slim http://www.loc.gov/standards/marcxml/schema/MARC21slim.xsd"><leader>     nam a22        4500</leader><controlfield tag="001">1242314</controlfield><controlfield tag="003">NNC</controlfield><controlfield tag="006">m        d        </controlfield><controlfield tag="007">cr cn |||m|||a</controlfield><controlfield tag="008">150316m19361956ua      o     000 0 ara d</controlfield><datafield ind1=" " ind2=" " tag="040"><subfield code="a">NNU</subfield><subfield code="b">eng</subfield><subfield code="e">rda</subfield><subfield code="c">NNU</subfield></datafield><datafield ind1=" " ind2="4" tag="050"><subfield code="a">PJ7528</subfield><subfield code="b">.M8 1936</subfield></datafield><datafield ind1="1" ind2=" " tag="100"><subfield code="a">Mubarrad, Muh&#803;ammad ibn Yazi&#772;d,</subfield><subfield code="d">-898.</subfield></datafield><datafield ind1="1" ind2="3" tag="245"><subfield code="a">al-Ka&#772;mil fi&#772; al-lughah wa-al-adab wa-al-nah&#803;w wa-al-tas&#803;ri&#772;f.</subfield><subfield code="c">bi-tah&#803;qi&#772;q Zaki Mubarak.</subfield></datafield><datafield ind1=" " ind2=" " tag="250"><subfield code="a">T&#803;ab&#699;ah 1.</subfield></datafield><datafield ind1=" " ind2=" " tag="260"><subfield code="a">Cairo,</subfield><subfield code="b">al-H&#803;alabi&#772;,</subfield><subfield code="c">1936-1956.</subfield></datafield><datafield ind1=" " ind2=" " tag="300"><subfield code="a">online resource (4 volumes in 3.)</subfield></datafield><datafield ind1=" " ind2=" " tag="336"><subfield code="a">text</subfield><subfield code="2">rdacontent</subfield></datafield><datafield ind1=" " ind2=" " tag="337"><subfield code="a">computer</subfield><subfield code="2">rdamedia</subfield></datafield><datafield ind1=" " ind2=" " tag="338"><subfield code="a">online resource</subfield><subfield code="2">rdacarrier</subfield></datafield><datafield ind1=" " ind2=" " tag="500"><subfield code="a">V. 3 edited by Ah&#803;mad Muh&#803;ammad Sha&#772;kir.</subfield></datafield><datafield ind1=" " ind2=" " tag="500"><subfield code="a">V. 4 edited by Muh&#803;ammad Sayyid Kila&#772;ni&#772;.</subfield></datafield><datafield ind1=" " ind2=" " tag="500"><subfield code="a">V. 4 has title: Faha&#772;ris kita&#772;b al-ka&#772;mil.</subfield></datafield><datafield ind1=" " ind2=" " tag="500"><subfield code="a">Part of the Arabic Collections Online (ACO) project, contributed by Columbia University Libraries.</subfield></datafield><datafield ind1=" " ind2=" " tag="533"><subfield code="a">Electronic reproduction.</subfield><subfield code="b">New York, N.Y. :</subfield><subfield code="c">New York University,</subfield><subfield code="d">2015.</subfield><subfield code="5">NNU</subfield></datafield><datafield ind1=" " ind2="0" tag="650"><subfield code="a">Arabic literature</subfield><subfield code="x">History and criticism.</subfield></datafield><datafield ind1=" " ind2="7" tag="650"><subfield code="a">Arabic literature.</subfield><subfield code="2">fast</subfield><subfield code="0">(OCoLC)fst00812478</subfield></datafield><datafield ind1=" " ind2="7" tag="655"><subfield code="a">Criticism, interpretation, etc.</subfield><subfield code="2">fast</subfield><subfield code="0">(OCoLC)fst01411635</subfield></datafield><datafield ind1="1" ind2=" " tag="700"><subfield code="a">Sha&#772;kir, Ah&#803;mad Muh&#803;ammad.</subfield></datafield><datafield ind1="0" ind2=" " tag="700"><subfield code="a">Zaki&#772; Muba&#772;rak.</subfield></datafield><datafield ind1="1" ind2=" " tag="700"><subfield code="a">Ki&#772;la&#772;ni&#772;, Muh&#803;ammad Sayyid.</subfield></datafield><datafield ind1="2" ind2=" " tag="710"><subfield code="a">Columbia University.</subfield><subfield code="b">Libraries.</subfield></datafield><datafield ind1="0" ind2=" " tag="730"><subfield code="a">Arabic Collections Online.</subfield></datafield><datafield ind1="0" ind2="8" tag="776"><subfield code="i">Print version:</subfield><subfield code="a">Mubarrad, Muh&#803;ammad ibn Yazi&#772;d, -898.</subfield><subfield code="t">al-Ka&#772;mil fi&#772; al-lughah wa-al-adab wa-al-nah&#803;w wa-al-tas&#803;ri&#772;f</subfield><subfield code="w">(NNC)1242314</subfield><subfield code="w">(OCoLC)10962556</subfield></datafield><datafield ind1="4" ind2="0" tag="856"><subfield code="u">http://hdl.handle.net/2333.1/v6wwq1vd</subfield></datafield><datafield ind1=" " ind2=" " tag="959"><subfield code="a">NNU</subfield><subfield code="b">WEB</subfield><subfield code="c">GENI</subfield><subfield code="t">0</subfield><subfield code="m">Electronic access</subfield><subfield code="s">01</subfield></datafield><datafield ind1=" " ind2=" " tag="999"><subfield code="i">NNC_1242314</subfield><subfield code="o">(OCoLC)ocm10962556 </subfield><subfield code="s">columbia_aco000282:v.1</subfield><subfield code="s">columbia_aco000283:v.2</subfield><subfield code="s">columbia_aco000284:v.3</subfield><subfield code="s">columbia_aco000285:v.4</subfield><subfield code="e">(ERROR-880)</subfield></datafield></record>